
@IEEEtranBSTCTL{IEEEexample:BSTcontrol,
  CTLdash_repeated_names = "no"
}

@UNPUBLISHED{sub,
author={D. {Benda} and S. {Sun} and X. {Chu} and T. Q. S. {Quek} and A. {Buckley}},
title={{PV} Cell Orientation Angles Optimization for a Base Station Equipped with Several {PV} Cells},
note = {submitted to {\textit{IEEE Transactions on Green Communications and Networking}}},
}

@UNPUBLISHED{sub2,
author={D. {Benda} and S. {Sun} and X. {Chu} and T. Q. S. {Quek} and A. {Buckley}},
title={Optimal deployment of energy harvesters with anti-correlated energy generation at base stations},
note = {submitted to {\textit{ICC 2020}}},
}


@ARTICLE{my,
author={D. {Benda} and S. {Sun} and X. {Chu} and T. Q. S. {Quek} and A. {Buckley}},
journal={IEEE Transactions on Green Communications and Networking},
title={{PV} Cell Angle Optimization for Energy Generation-Consumption Matching in a Solar Powered Cellular Network},
year={2018},
volume={2},
number={1},
pages={40 -- 48},
month={March}}

@article{add,
journal = {Progress in Photovoltaics: Research and Applications},
pages = {265 -- 274},
volume = {15},
publisher = {John Wiley \& Sons, Ltd.},
number = {3},
year = {2007},
title = {On the calculation of energy produced by a {PV} grid‐connected system},
address = {Chichester, UK},
author = {Perpiñan, O. and Lorenzo, E. and Castro, M. A.}
}

@ARTICLE{JieXu2016CETi,
journal = {IEEE Transactions on Vehicular Technology},
pages = {2142 -- 2153},
volume = {65},
number = {4},
year = {2016},
month = {Apr},
title = {Cooperative Energy Trading in CoMP Systems Powered by Smart Grids},
author = {Jie Xu and Rui Zhang}
}






@ARTICLE{8491374,
author={D. {Benda} and X. {Chu} and S. {Sun} and T. Q. S. {Quek} and A. {Buckley}},
journal={IEEE Transactions on Green Communications and Networking},
title={Renewable Energy Sharing Among Base Stations as a Min-Cost-Max-Flow Optimization Problem},
year={2019},
volume={3},
number={1},
pages={67 -- 78},
month={March}}


@INPROCEEDINGS{my4,
author={D. {Benda} and X. {Chu} and S. {Sun} and T. Q. S. {Quek} and A. {Buckley}},
booktitle={Proc.\ IEEE ICC},
title={{PV} cell angle optimisation for energy arrival-consumption matching in a solar energy harvesting cellular network},
year={2017},
  address = {Paris, France},
month={May}}

@INPROCEEDINGS{APWCS,
author={D. {Benda} and X. {Chu} and S. {Sun} and T. Q. S. {Quek} and A. {Buckley}},
booktitle={Proc.\ IEEE VTS APWCS},
title={Optimal clustering of energy-harvesting base stations},
year={2018},
  address = {Hsinchu, Taiwan},
month={Aug}}



@INPROCEEDINGS{my_con3,
author={D. {Benda} and X. {Chu} and S. {Sun} and T. Q. S. {Quek} and A. {Buckley}},
title = {Modeling and Optimization of  Energy Sharing among Base Stations as a Minimum-Cost-Maximum-Flow Problem},
    booktitle = {Proc.\  IEEE VTC-Spring},
  address = {Porto, Portugal},
month={Jun},
  year = {2018}
}

@INPROCEEDINGS{my2, 
author={D. {Benda} and X. {Chu} and S. {Sun} and T. Q. S. {Quek} and A. {Buckley}},
title={{PV} Cell Orientation Angle Optimization for a Solar Energy Harvesting Base Station},
 booktitle = {Proc.\  IEEE GLOBECOM},
year={2017}, 
address={Singapore}, 
month={Dec}}








@ARTICLE{7437420,
author={M. {Sheng} and L. {Wang} and X. {Wang} and Y. {Zhang} and C. {Xu} and J. {Li}},
journal={IEEE Journal on Selected Areas in Communications},
title={Energy Efficient Beamforming in {MISO} Heterogeneous Cellular Networks With Wireless Information and Power Transfer},
year={2016},
volume={34},
number={4},
pages={954 -- 968},
month={Apr},}

@ARTICLE{JieXu2015Cgcn,
journal = {IEEE Communications Magazine},
pages = {257 -- 263},
volume = {53},
number = {5},
month = {May},
year = {2015},
title = {Cost-aware green cellular networks with energy and communication cooperation},
author = {Jie Xu and Lingjie Duan and Rui Zhang},
}


@ARTICLE{XueqingHuang2017SGEM,
journal = {IEEE ACM Transactions on Networking},
pages = {1832 -- 1845},
volume = {25},
number = {3},
year = {2017},
month = {June},
title = {Smart Grid Enabled Mobile Networks: Jointly Optimizing {BS} Operation and Power Distribution},
author = {Xueqing Huang and Tao Han and Ansari, Nirwan},
}









@ARTICLE{ORDONEZ20102122,
title = {Analysis of the photovoltaic solar energy capacity of residential rooftops in {A}ndalusia ({S}pain)},
journal = {Renewable and Sustainable Energy Reviews},
author = {J. Ord\'{o}{\~{n}}ez and E. Jadraque and J. Alegre and G. Mart\'{i}nez},
volume = {14},
number = {7},
pages = {2122 -- 2130},
month = {Sep},
year = {2010}
}

{no number}
@ARTICLE{VALLADARESRENDON2017458,
title = {Review on energy savings by solar control techniques and optimal building orientation for the strategic placement of fa\c{c}ade shading systems},
journal = {Energy and Buildings},
volume = {140},
month = {Apr},
pages = {458 -- 479},
year = {2017},
author = {L. G. Valladares-Rend\'{o}n and Gerd Schmid and Shang-Lien Lo}
}



@ARTICLE{NemaPragya2010Mogh,
journal = {Renewable and Sustainable Energy Reviews},
pages = {1635 -- 1639},
volume = {14},
number = {6},
year = {2010},
month = {Aug},
title = {Minimization of green house gases emission by using hybrid energy system for telephony base station site application},
author = {Nema, Pragya and Nema, R.K. and Rangnekar, Saroj},
}

@article{WildemeerschMatthias2013CSCN,
journal = {IEEE Transactions on Communications},
pages = {4016 -- 4029},
volume = {61},
number = {9},
month = {Sep},
year = {2013},
title = {Cognitive Small Cell Networks: Energy Efficiency and Trade-Offs},
author = {Wildemeersch, Matthias and Quek, Tony Q. S and Slump, Cornelis H and Rabbachin, Alberto},
}








@ARTICLE{Thiaux2010602,
title = {Load profile impact on the gross energy requirement of stand-alone photovoltaic systems},
journal = {Renewable Energy},
volume = {35},
number = {3},
pages = {602 -- 613},
year = {2010},
month = {Mar},
author = {Y. Thiaux and J. Seigneurbieux and B. Multon and H. Ben Ahmed}
}


{no pages}
@ARTICLE{different_irradiance_model,
journal = {Energies},
volume = {10},
number = {11},
year = {2017},
month = {Oct},
title = {Comparison of Modelled and Measured Tilted Solar Irradiance for Photovoltaic Applications},
author = {Riyad Mubarak and Martin Hofmann and Stefan Riechelmann and Gunther Seckmeyer}
}



@ARTICLE{reindl,
journal = {Solar Energy},
pages = {254 -- 267},
volume = {81},
number = {2},
month = {Feb},
year = {2007},
title = {Empirical validation of models to compute solar irradiance on inclined surfaces for building energy simulation},
author = { P. G. Loutzenhiser and H. Manz and C. Felsmann and P. A. Strachan and T. Frank  and G. M. Maxwell},
}


@ARTICLE{7143338,
author={X. Huang and N. Ansari},
journal={IEEE Wireless Communications},
title={Energy sharing within {EH}-enabled wireless communication networks},
year={2015},
volume={22},
number={3},
pages={144 -- 149},
month={Jun}}

@ARTICLE{7273976,
author={Y. Guo and L. Duan and R. Zhang},
journal={IEEE Transactions on Wireless Communications},
title={Optimal Pricing and Load Sharing for Energy Saving With Cooperative Communications},
year={2016},
volume={15},
number={2},
pages={951 -- 964},
month={Feb},}

@ARTICLE{7779131,
author={M. J. Farooq and H. Ghazzai and A. Kadri and H. ElSawy and M. S. Alouini},
journal={IEEE Transactions on Communications},
title={A Hybrid Energy Sharing Framework for Green Cellular Networks},
year={2017},
volume={65},
number={2},
pages={918 -- 934},
month={Feb},}



@Article{wifi,
journal = {IEEE Communications Magazine},
pages = {158 -- 164},
volume = {53},
number = {3},
year = {2015},
month = {Mar},
title = {Coexistence of {Wi-F}i and heterogeneous small cell networks sharing unlicensed spectrum},
author = {Haijun Zhang and Xiaoli Chu and Weisi Guo and Siyi Wang}
}

@Article{JieXu2015CMSG,
journal = {IEEE Transactions on Vehicular Technology},
pages = {2476 -- 2488},
volume = {64},
number = {6},
month = {Jun},
year = {2015},
title = {{CoMP} Meets Smart Grid: A New Communication and Energy Cooperation Paradigm},
author = {Jie Xu and Rui Zhang},
}

@Article{BingyuXu2017EPCi,
journal = {IEEE Access},
pages = {432 -- 442},
volume = {5},
year = {2017},
month = {Dec},
title = {Energy-Aware Power Control in Energy Cooperation Aided Millimeter Wave Cellular Networks With Renewable Energy Resources},
author = {Bingyu Xu and Yue Chen and Requena Carrion, Jesus and Loo, Jonathan and Vinel, Alexey},
}





@ARTICLE{muneer,
author = {T. Muneer},
title ={Solar radiation model for {Europe}},
journal = {Building Services Engineering Research and Technology},
volume = {11},
number = {4},
month = {Nov},
pages = {153-163},
year = {1990},}





{no number}
@ARTICLE{Ea,
title = {A novel {M-D} (multi-dimensional) linear prediction filter approach for hourly solar radiation forecasting},
journal = {Energy},
month = {Aug},
volume = {73},
pages = {978 -- 986},
year = {2014},
author = {Emre Akarslan and Fatih Onur Hocao\u{g}lu and Rifat Edizkan}
}

{no number}
@ARTICLE{CROSSLAND201530,
title = "A socio-technical approach to increasing the battery lifetime of off-grid photovoltaic systems applied to a case study in {R}wanda",
journal = "Renewable Energy",
volume = "83",
month = "Nov",
pages = "30 -- 40",
year = "2015",
author = {Andrew F. Crossland and Oghenetejiri H. Anuta and Neal S. Wade},
}

{no  number}
@ARTICLE{RUDOLF2013139,
title = "Financial analysis of utility scale photovoltaic plants with battery energy storage",
journal = "Energy Policy",
volume = "63",
pages = "139 -- 146",
year = "2013",
month = "Dec",
author = {Viktor Rudolf and Konstantinos D. Papastergiou},
}

@ARTICLE{Huang2017,
author={Huang, Dan and Wei, Wei and Gao, Yuan and Hou, Mengshu and Li, Yi and Song, Houbing},
title="Energy efficient dynamic optimal control of {LTE} base stations: solution and trade-off",
journal="Telecommunication Systems",
year="2017",
month="Dec",
volume="66",
number="4",
pages="701 -- 712",
}

@ARTICLE{Pei-ShanYu2016TOiH,
journal = {IEEE Transactions on Wireless Communications},
pages = {1146 -- 1161},
volume = {15},
number = {2},
year = {2016},
month = {Feb},
title = {Traffic Offloading in Heterogeneous Networks With Energy Harvesting Personal Cells-Network Throughput and Energy Efficiency},
author = {Pei-Shan Yu and Jemin Lee and Quek, Tony Q. S and Hong, Y.-W Peter},
}


{no month}
@ARTICLE{JingjinWu2015EBST,
journal = {IEEE Communications Surveys \& Tutorials},
pages = {803 -- 826},
volume = {17},
number = {2},
year = {2015},
title = {Energy-Efficient Base-Stations Sleep-Mode Techniques in Green Cellular Networks: A Survey},
author = {Jingjin Wu and Yujing Zhang and Zukerman, Moshe and Yung, Edward Kai-Ning},
}

@article{ThomasHuld2015EPMP,
journal = {Energies},
pages = {5159 -- 5181},
volume = {8},
number = {6},
year = {2015},
month = {Jun},
title = {Estimating {PV} Module Performance over Large Geographical Regions: The Role of Irradiance, Air Temperature, Wind Speed and Solar Spectrum},
author = {Thomas Huld and Ana M. Gracia Amillo},
}



@ARTICLE{MinWookKang2017AEES,
journal = {Energies},
volume = {10},
number = {9},
year = {2017},
month = {Sep},
title = {An Efficient Energy Saving Scheme for Base Stations in {5G} Networks with Separated Data and Control Planes Using Particle Swarm Optimization},
author = {Min Wook Kang and Yun Won Chung},
}

@ARTICLE{HuldThomas2010Mtpo,
journal = {Solar Energy},
pages = {324 -- 338},
volume = {84},
number = {2},
month = {Feb},
year = {2010},
title = {Mapping the performance of {PV} modules, effects of module type and data averaging},
author = {Huld, Thomas and Gottschalg, Ralph and Beyer, Hans Georg and Topič, Marko},
}



{no number}
@ARTICLE{south_africa,
journal = {Solar Energy},
pages = {171 -- 181},
volume = {142},
year = {2017},
month = {Jan},
title = {{PVMAPS:} Software tools and data for the estimation of solar radiation and photovoltaic module performance over large geographical areas},
author = {Huld, Thomas},
}





@ARTICLE{poisson_formula,
journal = {Computing in Science \& Engineering},
pages = {78 -- 82},
volume = {3},
number = {3},
year = {2001},
month = {May},
title = {Poisson distributions},
author = {Thompson, W.J},
}

@ARTICLE{SamarakoonSumudu2016UDSC,
journal = {IEEE Journal on Selected Areas in Communications},
pages = {1267 -- 1280},
volume = {34},
number = {5},
year = {2016},
month = {May},
title = {Ultra Dense Small Cell Networks: Turning Density Into Energy Efficiency},
author = {Samarakoon, Sumudu and Bennis, Mehdi and Saad, Walid and Debbah, Merouane and Latva-Aho, Matti},
}

{no number}
@ARTICLE{DemainColienne2013Eodm,
journal = {Renewable Energy},
pages = {710 -- 721},
volume = {50},
year = {2013},
title = {Evaluation of different models to estimate the global solar radiation on inclined surfaces},
author = {Demain, Colienne and Journée, Michel and Bertrand, Cédric},
month = {Feb},
}

@ARTICLE{BertrandCdric2015Eodm,
journal = {Renewable Energy},
pages = {618 -- 626},
volume = {74},
year = {2015},
month = {Feb},
title = {Evaluation of decomposition models of various complexity to estimate the direct solar irradiance over {Belgium}},
author = {Bertrand, Cédric and Vanderveken, Gilles and Journée, Michel},
}

@ARTICLE{GueymardChristianA.2009Daiu,
journal = {Solar Energy},
pages = {432 -- 444},
volume = {83},
number = {3},
month = {Mar},
year = {2009},
title = {Direct and indirect uncertainties in the prediction of tilted irradiance for solar engineering applications},
author = {Gueymard, Christian A.},
}

@ARTICLE{HoffThomasE.2012MPfo,
journal = {Solar Energy},
pages = {2177 -- 2189},
volume = {86},
number = {8},
month = {Aug},
year = {2012},
title = {Modeling {PV} fleet output variability},
author = {Hoff, Thomas E. and Perez, Richard},
}







@ARTICLE{irradianceModels,
journal = {IEEE Journal of Photovoltaics},
pages = {647 -- 653},
volume = {4},
number = {2},
month = {Mar},
year = {2014},
title = {Optimal Orientation and Tilt Angle for Maximizing in-Plane Solar Irradiation for {PV} Applications in {S}ingapore},
author = {Yong Sheng Khoo and Nobre, Andre and Malhotra, Raghav and Dazhi Yang and Ruther, Ricardo and Reindl, Thomas and Aberle, Armin G}
}


{no number}
@ARTICLE{LUTHANDER201580,
title = {Photovoltaic self-consumption in buildings: A review},
journal = {Applied Energy},
volume = {142},
month = {Mar},
pages = {80 -- 94},
year = {2015},
author = {Rasmus Luthander and Joakim Wid\'{e}n and Daniel Nilsson and Jenny Palm}
}

{no number}
@ARTICLE{CHATTOPADHYAY2017176,
title = {The impact of different {PV} module configurations on storage and additional balancing needs for a fully renewable {European} power system},
journal = {Renewable Energy},
volume = {113},
pages = {176 -- 189},
year = {2017},
month = {Dec},
author = {Kabitri Chattopadhyay and Alexander Kies and Elke Lorenz and Lüder von Bremen and Detlev Heinemann}
}

@ARTICLE{ParzyszFanny2017PCAf,
journal = {IEEE Transactions on Wireless Communications},
pages = {2409 -- 2422},
volume = {16},
month = {Apr},
number = {4},
year = {2017},
title = {Power-Availability-Aware Cell Association for Energy-Harvesting Small-Cell Base Stations},
author = {Parzysz, Fanny and Di Renzo, Marco and Verikoukis, Christos},
}

@ARTICLE{green, 
 author={Y. Wu and Y. Chen and J. Tang and D. K. C. So and Z. Xu and C. L. I and P. Ferrand and J. M. Gorce and C. H. Tang and P. R. Li and K. T. Feng and L. C. Wang and K. Borner and L. Thiele}, 
 journal={IEEE Communications Magazine}, 
 title={Green transmission technologies for balancing the energy efficiency and spectrum efficiency trade-off}, 
 year={2014}, 
 volume={52}, 
 number={11}, 
 pages={112 -- 120}, 
 month={Nov}}



@ARTICLE{EKE20122665,
title = {Performance comparison of a double-axis sun tracking versus fixed {PV} system},
journal = {Solar Energy},
volume = {86},
month = {Sep},
number = {9},
pages = {2665 -- 2672},
year = {2012},
author = {Rustu Eke and Ali Senturk}
}



@Article{Wang2015,
author="Wang, Heng and Li, Hongjia and Tang, Chaowei and Ye, Lingbao and Chen, Xin and Tang, Hui and Ci, Song",
title="Modeling, metrics, and optimal design for solar energy-powered base station system",
journal="EURASIP Journal on Wireless Communications and Networking",
year="2015",
month="Feb",
volume="2015",
number="1",
pages="1 -- 17",
}





 @ARTICLE{Renewable_Power, 
author={K. Huang and M. Kountouris and V. O. K. Li}, 
journal={IEEE Transactions on Wireless Communications}, 
title={Renewable Powered Cellular Networks: Energy Field Modeling and Network Coverage}, 
year={2015}, 
volume={14}, 
number={8}, 
pages={4234 -- 4247}, 
month={Aug},}



@ARTICLE{SakrAhmedHamdi2015AoKU,
journal = {IEEE Journal on Selected Areas in Communications},
pages = {2226 -- 2238},
volume = {33},
number = {10},
month = {Oct},
year = {2015},
title = {Analysis of K-Tier Uplink Cellular Networks With Ambient {RF} Energy Harvesting},
author = {Sakr, Ahmed Hamdi and Hossain, Ekram},
}

{no number}
@ARTICLE{RasmussenMortenGrud2012Sabs,
journal = {Energy Policy},
pages = {642 -- 651},
volume = {51},
month = {Dec},
year = {2012},
title = {Storage and balancing synergies in a fully or highly renewable pan-{European} power system},
author = {Rasmussen, Morten Grud and Andresen, Gorm Bruun and Greiner, Martin},
}






@ARTICLE{HetNets, 
author={G. Piro and M. Miozzo and G. Forte and N. Baldo and L. A. Grieco and G. Boggia and P. Dini}, 
journal={IEEE Internet Computing}, 
title={Het{N}ets Powered by Renewable Energy Sources: Sustainable Next-Generation Cellular Networks}, 
year={2013}, 
volume={17}, 
number={1}, 
pages={32 -- 39}, 
month={Jan}}

@ARTICLE{residential, 
author={A. Kwasinski and A. Kwasinski}, 
journal={IEEE Communications Magazine}, 
title={Increasing sustainability and resiliency of cellular network infrastructure by harvesting renewable energy}, 
year={2015}, 
volume={53}, 
number={4}, 
pages={110 -- 116}, 
month={Apr}}

@ARTICLE{white_energy, 
 author={Y. Mao and Y. Luo and J. Zhang and K. B. Letaief}, 
 journal={IEEE Communications Magazine}, 
 title={Energy harvesting small cell networks: feasibility, deployment, and operation}, 
 year={2015}, 
 volume={53}, 
 number={6}, 
 pages={94 -- 101}, 
 month={Jun}}


@ARTICLE{ValdesLucas20161032,
author = {Javier Noel Valdés Lucas and Gonzalo Escribano Franc\'{e}s and Enrique San Mart\'{i}n Gonz\'{a}lez},
title = {Energy security and renewable energy deployment in the {EU}: Liaisons Dangereuses or Virtuous Circle?},
month={Sep},
journal = {Renewable and Sustainable Energy Reviews},
volume = {62},
pages = {1032 -- 1046},
year = {2016}
}

@ARTICLE{Li20052237,
author = {Xianguo Li},
title = {Diversification and localization of energy systems for sustainable development and energy security},
journal = {Energy Policy},
volume = {33},
number = {17},
pages = {2237 -- 2243},
month = {Nov},
year = {2005}
}

@article{TaoHan2014Pmnw,
journal = {IEEE Wireless Communications},
pages = {90 -- 96},
volume = {21},
number = {1},
month = {Feb},
year = {2014},
title = {Powering mobile networks with green energy},
author = {Tao Han and Ansari, Nirwan},
}





{no month}
@ARTICLE{auf,
author = {Ljerka Cerovi\'{c} and Dario Maradin and  Sa\v{s}a \v{C}egar},
title = {From the Restructuring of the Power Sector to Diversification of Renewable Energy Sources: Preconditions for Efficient and Sustainable Electricity Market},
journal = {International Journal of Energy Economics and Policy},
volume = {4},
number = {4},
pages = {599 -- 609},
year = {2014}
}

@ARTICLE{6874568, 
author={Y. K. Chia and S. Sun and R. Zhang}, 
journal={IEEE Transactions on Wireless Communications}, 
title={Energy Cooperation in Cellular Networks with Renewable Powered Base Stations}, 
year={2014}, 
volume={13}, 
number={12}, 
pages={6996 -- 7010}, 
month={Dec}}



@INBOOK{Solar_Cell,
  author    = {{A. Luque and S. Hegedus}},
  title     = {Handbook of Photovoltaic Science and Engineering},
  publisher = {John Wiley \& Sons, Ltd},
  year      = {2011},
pages = {8-9},
 address = {Chichester, United Kingdom},
  edition   = {2}
}

@INBOOK{Solar_Cell_declination,
  author    = {{A. Luque and S. Hegedus}},
  title     = {Handbook of Photovoltaic Science and Engineering},
  publisher = {John Wiley \& Sons, Ltd},
  year      = {2011},
pages = {986},
 address = {Chichester, United Kingdom},
  edition   = {2}
}


@INBOOK{Solar_Cell_hour_angle,
  author    = {{A. Luque and S. Hegedus}}, 
  title     = {Handbook of Photovoltaic Science and Engineering},
  publisher = {John Wiley \& Sons, Ltd},
  year      = {2011},
pages = {989},
 address = {Chichester, United Kingdom},
  edition   = {2}
}

@INBOOK{Solar_Cell_albedo_plus_ground_reflected_irradiance,
  author    = {{A. Luque and S. Hegedus}}, 
  title     = {Handbook of Photovoltaic Science and Engineering},
  publisher = {John Wiley \& Sons, Ltd},
  year      = {2011},
pages = {1005},
 address = {Chichester, United Kingdom},
  edition   = {2}
}

@INBOOK{Solar_Cell_3irradiance,
  author    = {{A. Luque and S. Hegedus}}, 
  title     = {Handbook of Photovoltaic Science and Engineering},
  publisher = {John Wiley \& Sons, Ltd},
  year      = {2011},
pages = {1002},
 address = {Chichester, United Kingdom},
  edition   = {2}
}

@INBOOK{diffuse,
  author    = {{A. Luque and S. Hegedus}}, 
  title     = {Handbook of Photovoltaic Science and Engineering},
  publisher = {John Wiley \& Sons, Ltd},
  year      = {2011},
pages = {1004},
 address = {Chichester, United Kingdom},
  edition   = {2}
}

@INBOOK{zenith_angle,
  author    = {{A. Luque and S. Hegedus}}, 
  title     = {Handbook of Photovoltaic Science and Engineering},
  publisher = {John Wiley \& Sons, Ltd},
  year      = {2011},
pages = {988},
 address = {Chichester, United Kingdom},
  edition   = {2}
}



@INBOOK{Solar_Cell_declination_inclination_angle,
  author    = {{A. Luque and S. Hegedus}},
  title     = {Handbook of Photovoltaic Science and Engineering},
  publisher = {John Wiley \& Sons, Ltd},
  year      = {2011},
pages = {991},
 address = {Chichester, United Kingdom},
  edition   = {2}
}

@INBOOK{Resis,
 author = {Cole, Harvey and Sang, David},
 title = {Revise AS Physics for AQA A},
 year = {2001},
 publisher = {Heinemann Educational Publishers},
pages = {67-68},
  address = {Oxford, United Kingdom}
} 



@INBOOK{baccell00403039,
  title = {{Stochastic Geometry and Wireless Networks, Volume I - Theory}},
  author  = {Baccelli, Fran{\c c}ois and Blaszczyszyn, Bartlomiej},
 publisher = {{Now Publishers}},
 year = {2009},
pages = {1-164},
address = {Paris, France}
}



@INBOOK{NET-015,
year = {2009},
 publisher = {{Now Publishers}},
author = {Martin Haenggi and Radha Krishna Ganti},
pages = {127-248},
title = {Interference in Large Wireless Networks},
address = {Boston, USA}
}
















@INPROCEEDINGS{leeds,
author = {Taylor, Jamie and Leloux, Jonathan and Everard, Aldous and Briggs, Julian and Buckley, Alastair},
year = {2015},
month = {Apr},
address = {Leeds, UK}, 
booktitle={Proc.\ PVSAT-11},
title = {Quantifying {PV} fleet output variability in the {UK}: Consequences for Distribution Network Operators},
}




@INPROCEEDINGS{7841800,
author={M. J. Farooq and H. Ghazzai and A. Kadri and H. ElSawy and M. S. Alouini},
booktitle={Proc.\ IEEE GLOBECOM},
title={Energy Sharing Framework for Microgrid-Powered Cellular Base Stations},
year={2016},
pages={1-7},
address = {Washington, DC USA}, 
month={Dec},}




@INPROCEEDINGS{7063493,
author={M. D. {Mueck} and I. {Karls} and R. {Arefi} and T. {Haustein} and R. J. {Weiler} and K. {Sakaguchi}},
booktitle={Proc.\  IEEE GLOBECOM Workshops},
title={Global standards enabling a 5$^{th}$ Generation Communications system architecture vision},
year={2014},
address = {Austin, TX USA}, 
month={Dec}}


@INPROCEEDINGS{Kemery2012OptimalPO,
  title={Optimal {PV} orientation and geographic dispersion: a study of 10 {C}anadian cities and 16 {O}ntario locations},
  author={Briana Paige Kemery and Ian Beausoleil-Morrison and I. H. Rowlands},
  year={2012},
booktitle={Proc.\ The Canadian Conference on Building Simulation},
address = {Halifax Nova Scotia, Canada}, 
month={May}
}


@INPROCEEDINGS{Kwasinski2013LessonsFF,
author={Alexis Kwasinski},
booktitle={Proc.\ FCC workshop on network resiliency},
title={Lessons from Field Damage Assessments about Communication Networks Power Supply and Infrastructure Performance during Natural Disasters with a focus on Hurricane Sandy},
year={2013},
address = {New York, USA}, 
month={Feb}}


@INPROCEEDINGS{6745088,
author={M. A. S. Alshushan and I. M. Saleh},
booktitle={Proc.\ IEEE 39th Photovoltaic Specialists Conference (PVSC)},
title={Power degradation and performance evaluation of PV modules after 31 years of work},
year={2013},
pages={2977 -- 2982},
 address = {Tampa, USA}, 
month={June}}



@INPROCEEDINGS{TingwuWang2016ASiS,
address = {Nanjing, China}, 
month = {May},
booktitle = {Proc.\  IEEE 83rd Vehicular Technology Conference (VTC Spring)},
year = {2016},
title = {Access Strategy in Super {WiFi} Network Powered by Solar Energy Harvesting: A {POMDP} Method},
author = {Tingwu Wang and Jian Wang and Chunxiao Jiang and Jingjing Wang and Yong Ren},
}



@INPROCEEDINGS{7315106,
author={A. H. Khan and K. R. Zafreen and A. Islam and M. Islam},
booktitle={Proc.\ 3rd ICGET},
title={Shifting generation of energy of solar {PV} using {OPTANG} method-case study {S}andwip area},
year={2015},
 address = {Dhaka, Bangladesh}, 
month={Sep}}





@INPROCEEDINGS{poisson,
  title={Stochastic Geometry for the Analysis and Design of {5G} Cellular Networks},
  author={Martin  Haenggi},
  year={2014},
booktitle = {Proc.\  IEEE GLOBECOM},
 address = {Austin, TX USA}, 
month={Dec}
}

@INPROCEEDINGS{HengWang2014Sqma,
pages = {472 -- 477},
booktitle = {Proc.\ International Conference on Computing, Networking and Communications (ICNC)},
year = {2014},
month = {Feb},
title = {Stochastic queue modeling and key design metrics analysis for solar energy powered cellular networks},
author = {Heng Wang and Hongjia Li and Zejue Wang and Xin Chen and Song Ci},
}

@INPROCEEDINGS{MarsanMarcoAjmone2013Tzge,
pages = {596 -- 601},
booktitle = {Proc.\ IEEE ICC},
year = {2013},
month = {June},
title = {Towards zero grid electricity networking: Powering {BSs} with renewable energy sources},
author = {Marsan, Marco Ajmone and Bucalo, Giuseppina and Di Caro, Alfonso and Meo, Michela and Yi Zhang},
}




@ELECTRONIC{usa,
  author = {{National Renewable Energy Laboratory}},
  title = {Geographical Information System {USA}},
  year = 2019,
  url = {https://www.nrel.gov/gis/solar.html}
}

@ELECTRONIC{tool,
  author = {{European Commission}},
  title = {Photovoltaic Geographical Information System ({PVGIS})},
  year = 2019,
  url = {http://re.jrc.ec.europa.eu/pvg_tools/en/tools.html#PVP}
}

@ELECTRONIC{method,
  author = {{European Commission}},
  title = {Photovoltaic Geographical Information System ({PVGIS})},
  year = 2019,
  url = {http://re.jrc.ec.europa.eu/pvg_static/methods.html }
}


@ELECTRONIC{DOBEN_GITHUB,
  author = {{D. Benda - GitHub repository}},
  title = {{PV}\_cell\_orientation\_angle\_optimization},
  year = {2019},
  url = {https://github.com/DOBEN/PV_cell_orientation_angle_optimization}
}


@ELECTRONIC{load,
  author = {CelPlan},
  title = {White Paper - Customer Experience Optimization in Wireless Networks},
  year = 2014,
  url = {http://www.celplan.com/resources/whitepapers/Customer  Experience Optimization  rev3.pdf               }

}

@ELECTRONIC{PVGIS,
  author = {{European Commission}},
  title = {Photovoltaic Geographical Information System ({PVGIS})},
  year = 2019,
  url = {http://re.jrc.ec.europa.eu/pvgis/ }
}



@ELECTRONIC{worldwide,
  author = {{Global Solar Atlas}},
  title = {Geographical Information System - worldwide},
  year = 2019,
  url = {https://globalsolaratlas.info/}
}


@ELECTRONIC{worldwide2,
  author = {{Solargis}},
  title = {Geographical Information System - every country},
  year = 2019,
  url = {https://solargis.com/maps-and-gis-data/overview}
}
























article{underestimation,
journal = {Energies},
volume = {10},
publisher = {MDPI AG},
number = {11},
year = {2017},
title = {Comparison of Modelled and Measured Tilted Solar Irradiance for Photovoltaic Applications},
author = {Riyad Mubarak and Martin Hofmann and Stefan Riechelmann and Gunther Seckmeyer}
}

ARTICLE{EKE20122665,
author = {Rustu Eke and Ali Senturk},
title = {Performance comparison of a double-axis sun tracking versus fixed {PV} system},
journal = {Solar Energy},
volume = {86},
number = {9},
month = {Sep},
pages = {2665-2672},
year = {2012}
}






ARTICLE{sleepmode, 
author={J. Wu and Y. Zhang and M. Zukerman and E. K. N. Yung}, 
journal={IEEE Communications Surveys Tutorials}, 
title={Energy-Efficient Base-Stations Sleep-Mode Techniques in Green Cellular Networks: A Survey}, 
year={2015}, 
volume={17}, 
number={2}, 
pages={803-826}, 
month={Secondquarter},}


ARTICLE{traffic_offloading, 
author={P. S. Yu and J. Lee and T. Q. S. Quek and Y. W. P. Hong}, 
journal={IEEE Transactions on Wireless Communications}, 
title={Traffic Offloading in Heterogeneous Networks With Energy Harvesting Personal Cells-Network Throughput and Energy Efficiency}, 
year={2016}, 
volume={15}, 
number={2}, 
pages={1146-1161}, 
keywords={energy harvesting;power grids;radio networks;PG-SS;battery dynamics;harvesting personal cells-network;power-grid-connected base stations;traffic off-loading in heterogeneous networks;Approximation methods;Batteries;Energy harvesting;Measurement;Power demand;Throughput;Wireless communication;Energy harvesting;energy efficiency;network throughput;stochastic geometry;traffic offloading}, 
doi={10.1109/TWC.2015.2485989}, 
ISSN={1536-1276}, 
month={Feb},}

Article{Wang2015,
author="Wang, Heng
and Li, Hongjia
and Tang, Chaowei
and Ye, Lingbao
and Chen, Xin
and Tang, Hui
and Ci, Song",
title="Modeling, metrics, and optimal design for solar energy-powered base station system",
journal="EURASIP Journal on Wireless Communications and Networking",
year="2015",
volume="2015",
number="1",
pages="39",
issn="1687-1499"
}


article{summer_lat,
author = {Bakirci, Kadir},
title = {Investigation of solar energy potential on inclined surfaces},
journal = {Environmental Progress \& Sustainable Energy},
volume = {37},
number = {1},
pages = {524-532},
year = {2018}
}


online{picture,
  author = {Mosaic},
  title = {What Makes a Good Solar Site?},
  year = 2016,
  url = {https://joinmosaic.com/blog/makes-good-solar-site/},
urldate = {2016-07-}
}

book{book,
  author    = {Antonio Luque and Steven Hegedus}, 
  title     = {Handbook of Photovoltaic Science and Engineering},
  publisher = {John Wiley \& Sons},
  year      = {2011},
 address = {Chichester, United Kingdom},
  edition   = {2}
}

INBOOK{Solar_Cell_sky_diffuse_irradiance,
  author    = {{A. Luque and S. Hegedus}}, 
  title     = {Handbook of Photovoltaic Science and Engineering},
  publisher = {John Wiley \& Sons, Ltd},
  year      = {2011},
pages = {1003},
 address = {Chichester, United Kingdom},
  edition   = {2}
}



misc{1101.5130,
Author = {Thomas David Novlan and Radha Krishna Ganti and Arunabha Ghosh and Jeffrey G. Andrews},
Title = {Analytical Evaluation of Fractional Frequency Reuse for OFDMA Cellular Networks},
Year = {2011},}

INPROCEEDINGS{Stochastic_queue,
author={Heng Wang and Hongjia Li and Zejue Wang and Xin Chen and Song Ci}, 
booktitle={Computing, Networking and Communications (ICNC), 2014 International Conference on}, 
title={Stochastic queue modeling and key design metrics analysis for solar energy powered cellular networks}, 
year={2014}, 
pages={472-477}, 
month={Feb},}

INPROCEEDINGS{res, 
author={M. A. Marsan and G. Bucalo and A. Di Caro and M. Meo and Y. Zhang}, 
booktitle={2013 IEEE International Conference on Communications Workshops (ICC)}, 
title={Towards zero grid electricity networking: Powering BSs with renewable energy sources}, 
year={2013}, 
pages={596-601}, 
month={June},}


 


